@string{aamop = "Adv. At. Mol. Opt. Phys."}
@string{aarc = "Autom. Rem. Contr."}
@string{ac = "Anal. Chem."}
@string{acie = "Angew. Chem. Int. Ed."}
@string{aipa = "AIP Advances"}
@string{ajp = "Am. J. Phys."}
@string{algo = "Algorithmica"}
@string{ao = "Appl. Opt."}
@string{ap = "Adv. Phys."}
@string{apb = "Appl. Phys. B"}
@string{apl = "Appl. Phys. Lett."}
@string{apx = "Adv. Phys. X"}
@string{aqt = "Adv. Quantum Tech."}
@string{arcmp = "Annu. Rev. Condens. Matter Phys."}
@string{arpc = "Annu. Rev. Phys. Chem."}
@string{astrocomp = "Astron. Comput."}
@string{atms = "ACM Trans. Math. Softw."}
@string{avsqs = "AVS Quantum Sci."}
@string{bit = "BIT"}
@string{bstj = "Bell System Tech. J."}
@string{cacm = "Commun. ACM"}
@string{ccyb = "Control Cybern."}
@string{cmp = "Commun. Math. Phys."}
@string{computj = "Comput. J."}
@string{contp = "Contemp. Phys."}
@string{cp = "Chem. Phys."}
@string{cpam = "Commun. Pur. Appl. Math."}
@string{cpc = "Comput. Phys. Commun."}
@string{cpl = "Chem. Phys. Lett."}
@string{cse = "Comput. Sci. Eng."}
@string{csj = "CEAS Space J."}
@string{ecyb = "Engrg. Cybernetics"}
@string{ejc = "Eur. J. Control"}
@string{ejp = "Eur. J. Phys."}
@string{electr = "Electronics"}
@string{entr = "Entropy"}
@string{epjb = "Eur. Phys. J. B"}
@string{epjd = "Eur. Phys. J. D"}
@string{epjp = "Eur. Phys. J. Plus"}
@string{epjqt = "EPJ Quantum Technol."}
@string{epl = "Europhys. Lett."}
@string{farad = "Faraday Disc."}
@string{foundphys = "Found. Phys."}
@string{fp = "Fortschr. Phys."}
@string{icta = "IET Control Theory Appl."}
@string{ijqe = "IEEE J. Quantum Electron."}
@string{ijqi = "Int. J. Quantum Inform."}
@string{ijtp = "Int. J. Theor. Phys."}
@string{imajam = "IMA J. Appl. Math."}
@string{ip = "Inverse Problems"}
@string{itac = "IEEE Trans. Automat. Contr."}
@string{itas = "IEEE Trans. on Appl. Superc."}
@string{jap = "J. Appl. Phys."}
@string{jcam = "J. Comput. Appl. Math"}
@string{jcmpp = "J. Comput. Phys."}
@string{jcp = "J. Chem. Phys."}
@string{jcpm = "J. Phys. Condens. Matter"}
@string{jcss = "J. Comput. System Sci."}
@string{jctn = "J. Comput. Theor. Nanos."}
@string{jlum = "J. Lumin."}
@string{jmo = "J. Mod. Opt."}
@string{jmp = "J. Math. Phys."}
@string{jmr = "J. Magnet. Res."}
@string{jmra = "J. Magnet. Res. A"}
@string{job = "J. Optics B"}
@string{jors = "J. Open Res. Softw."}
@string{josab = "J. Opt. Soc. Am. B"}
@string{joss = "J. Open Source Softw."}
@string{jota = "J. Optim. Theor. Appl."}
@string{jpa = "J. Phys. A"}
@string{jpamt = "J. Phys. A: Math. Theor."}
@string{jpb = "J. Phys. B"}
@string{jpc = "J. Phys. Chem."}
@string{jpca = "J. Phys. Chem. A"}
@string{jpcm = "J. Phys.: Condens. Matter"}
@string{jsp = "J .Stat. Phys."}
@string{mc = "Math. Comput."}
@string{mlst = "Mach. Learn.: Sci. Technol."}
@string{nams = "Notices Amer. Math. Soc."}
@string{nat = "Nature"}
@string{natcom = "Nat. Commun."}
@string{natmeth = "Nat. Methods"}
@string{natnano = "Nat. Nano."}
@string{natphot = "Nat. Photon."}
@string{natphys = "Nat. Phys."}
@string{njp = "New J. Phys."}
@string{npjqi = "npj Quantum Inf"}
@string{oc = "Opt. Comm."}
@string{oe = "Opt. Express"}
@string{os = "Opt. Spectr."}
@string{physd = "Physica D"}
@string{physrep = "Phys. Rep."}
@string{pire = "Proc. IRE"}
@string{pl = "Phys. Lett."}
@string{pla = "Phys. Lett. A"}
@string{plms = "Proc. Lond. Math. Soc."}
@string{pnas = "Proc. Natl. Acad. Sci. U.S.A"}
@string{pr = "Phys. Rev."}
@string{pra = "Phys. Rev. A"}
@string{prapl = "Phys. Rev. Applied"}
@string{prb = "Phys. Rev. B"}
@string{prc = "Phys. Rev. C"}
@string{prd = "Phys. Rev. D"}
@string{pre = "Phys. Rev. E"}
@string{prl = "Phys. Rev. Lett."}
@string{prr = "Phys. Rev. Research"}
@string{prsa = "Proc. R. Soc. A"}
@string{prx = "Phys. Rev. X"}
@string{prxq = "PRX Quantum"}
@string{ps = "Phys. Scripta"}
@string{pt = "Phys. Today"}
@string{ptrsa = "Phil. Trans. R. Soc. A"}
@string{qam = "Q. Appl. Math."}
@string{qic = "Quantum Info. Comput."}
@string{qip = "Quantum Inf. Process."}
@string{qso = "Quantum Semiclass. Opt."}
@string{qst = "Quantum Sci. Technol."}
@string{quant = "Quantum"}
@string{rmp = "Rev. Mod. Phys."}
@string{rms = "Russ. Math. Surv."}
@string{rpp = "Rep. Prog. Phys."}
@string{rsi = "Rev. Sci. Instr."}
@string{sb = "Sci. Bull."}
@string{sci = "Science"}
@string{sciam = "Sci. Am."}
@string{scis = "Sci. China Inf. Sci."}
@string{siamjc = "SIAM J. Comput."}
@string{siamjsc = "SIAM J. Sci. Comput."}
@string{siamrev = "SIAM Rev."}
@string{sp = "Sig. Process."}
@string{spp = "SciPost Phys."}
@string{sr = "Sci. Rep."}
@string{sst = "Supercond. Sci. Technol."}
@string{widm = "WIREs Data Mining Knowl Discov."}
@string{zp = "Z. Phys."}

% https://github.com/Humans-of-Julia/BibParser.jl/issues/32
@string{XXXclearparser = ""}


@article{KhanejaJMR2005,
    Author = {Khaneja, Navin and Reiss, Timo and Kehlet, Cindie and Schulte-Herbrüggen, Thomas and Glaser, Steffen J.},
    Title = {Optimal control of coupled spin dynamics: design of {NMR} pulse sequences by gradient ascent algorithms},
    Journal = jmr,
    Year = {2005},
    Doi = {10.1016/j.jmr.2004.11.004},
    Pages = {296},
    Volume = {172},
}


@article{FouquieresJMR2011,
    Author = {de Fouquières, Pierre and Schirmer, Sophie G. and Glaser, Steffen J. and Kuprov, Ilya},
    Title = {Second order gradient ascent pulse engineering},
    Journal = jmr,
    Year = {2011},
    Doi = {10.1016/j.jmr.2011.07.023},
    Pages = {412},
    Volume = {212},
}

@article{GoerzQ2022,
    Author = {Goerz, Michael H. and Carrasco, Sebastián C. and Malinovsky, Vladimir S.},
    Title = {Quantum Optimal Control via Semi-Automatic Differentiation},
    Journal = quant,
    Year = {2022},
    Doi = {10.22331/q-2022-12-07-871},
    Pages = {871},
    Volume = {6},
}



@article{GoerzPRA2015,
    Author = {Goerz, Michael H. and Gualdi, Giulia and Reich, Daniel M. and Koch, Christiane P. and Motzoi, Felix and Whaley, K. Birgitta and Vala, Ji\vr\'i and Müller, Matthias M. and Montangero, Simone and Calarco, Tommaso},
    Title = {Optimizing for an arbitrary perfect entangler. II. Application},
    Journal = pra,
    Year = {2015},
    Doi = {10.1103/PhysRevA.91.062307},
    Pages = {062307},
    Volume = {91},
}

@article{KrausPRA2001,
    Author = {Kraus, B. and Cirac, J. I.},
    Title = {Optimal Creation of Entanglement Using a Two-Qubit Gate},
    Journal = pra,
    Year = {2001},
    Doi = {10.1103/PhysRevA.63.062309},
    Pages = {062309},
    Volume = {63},
}

@article{ChildsPRA2003,
    Author = {Childs, Andrew and Haselgrove, Henry and Nielsen, Michael},
    Title = {Lower bounds on the complexity of simulating quantum gates},
    Journal = pra,
    Year = {2003},
    Doi = {10.1103/PhysRevA.68.052311},
    Pages = {052311},
    Volume = {68},
}

@article{KuprovJCP09,
    Author = {Kuprov, Ilya and Rodgers, Christopher T.},
    Title = {Derivatives of spin dynamics simulations},
    Journal = jcp,
    Year = {2009},
    Doi = {10.1063/1.3267086},
    Pages = {234108},
    Volume = {131},
}
